@article{Emulab,
  title={An integrated experimental environment for distributed systems and networks},
  author={White, Brian and Lepreau, Jay and Stoller, Leigh and Ricci, Robert and Guruprasad, Shashi and Newbold, Mac and Hibler, Mike and Barb, Chad and Joglekar, Abhijeet},
  journal={ACM SIGOPS Operating Systems Review},
  volume={36},
  number={SI},
  pages={255--270},
  year={2002},
  publisher={ACM}
}

@article{manna2012review,
  title={Review of syn-flooding attack detection mechanism},
  author={Manna, Mehdi Ebady and Amphawan, Angela},
  journal={arXiv preprint arXiv:1202.1761},
  year={2012}
}

@inproceedings{luo2008cpu,
  title={CPU-based DoS attacks against SIP servers},
  author={Luo, Ming and Peng, Tao and Leckie, Christopher},
  booktitle={Network Operations and Management Symposium, 2008. NOMS 2008. IEEE},
  pages={41--48},
  year={2008},
  organization={IEEE}
}

@article{zip,
  title={Zip bomb},
  author={Wikipedia},
  journal = {\url{https://en.wikipedia.org/wiki/Zip_bomb}}
}

@article{slowloris,
  title={Slowloris},
  author={Wikipedia},
  journal={\url{https://en.wikipedia.org/wiki/slowloris_(computer_security)}}
}

@inproceedings{systemtap,
  title={Problem solving with systemtap},
  author={Eigler, Frank Ch and Hat, Red},
  booktitle={Proc. of the Ottawa Linux Symposium},
  pages={261--268},
  year={2006}
}
@article{systemtap1,
  title={Systemtap tutorial},
  author={Eigler, Frank Ch},
  year ={2010},
  journal = {\url{https://www.sourceware.org/systemtap/tutorial.pdf}}
}